<!DOCTYPE html>
<meta charset="utf-8" />
<!-- version 1 -->
<title>[Gen 7] Random Battle replay: Th Lindo vs. pedromchd</title>
<style>
html,body {font-family:Verdana, sans-serif;font-size:10pt;margin:0;padding:0;}body{padding:12px 0;} .battle-log {font-family:Verdana, sans-serif;font-size:10pt;} .battle-log-inline {border:1px solid #AAAAAA;background:#EEF2F5;color:black;max-width:640px;margin:0 auto 80px;padding-bottom:5px;} .battle-log .inner {padding:4px 8px 0px 8px;} .battle-log .inner-preempt {padding:0 8px 4px 8px;} .battle-log .inner-after {margin-top:0.5em;} .battle-log h2 {margin:0.5em -8px;padding:4px 8px;border:1px solid #AAAAAA;background:#E0E7EA;border-left:0;border-right:0;font-family:Verdana, sans-serif;font-size:13pt;} .battle-log .chat {vertical-align:middle;padding:3px 0 3px 0;font-size:8pt;} .battle-log .chat strong {color:#40576A;} .battle-log .chat em {padding:1px 4px 1px 3px;color:#000000;font-style:normal;} .chat.mine {background:rgba(0,0,0,0.05);margin-left:-8px;margin-right:-8px;padding-left:8px;padding-right:8px;} .spoiler {color:#BBBBBB;background:#BBBBBB;padding:0px 3px;} .spoiler:hover, .spoiler:active, .spoiler-shown {color:#000000;background:#E2E2E2;padding:0px 3px;} .spoiler a {color:#BBBBBB;} .spoiler:hover a, .spoiler:active a, .spoiler-shown a {color:#2288CC;} .chat code, .chat .spoiler:hover code, .chat .spoiler:active code, .chat .spoiler-shown code {border:1px solid #C0C0C0;background:#EEEEEE;color:black;padding:0 2px;} .chat .spoiler code {border:1px solid #CCCCCC;background:#CCCCCC;color:#CCCCCC;} .battle-log .rated {padding:3px 4px;} .battle-log .rated strong {color:white;background:#89A;padding:1px 4px;border-radius:4px;} .spacer {margin-top:0.5em;} .message-announce {background:#6688AA;color:white;padding:1px 4px 2px;} .message-announce a, .broadcast-green a, .broadcast-blue a, .broadcast-red a {color:#DDEEFF;} .broadcast-green {background-color:#559955;color:white;padding:2px 4px;} .broadcast-blue {background-color:#6688AA;color:white;padding:2px 4px;} .infobox {border:1px solid #6688AA;padding:2px 4px;} .infobox-limited {max-height:200px;overflow:auto;overflow-x:hidden;} .broadcast-red {background-color:#AA5544;color:white;padding:2px 4px;} .message-learn-canlearn {font-weight:bold;color:#228822;text-decoration:underline;} .message-learn-cannotlearn {font-weight:bold;color:#CC2222;text-decoration:underline;} .message-effect-weak {font-weight:bold;color:#CC2222;} .message-effect-resist {font-weight:bold;color:#6688AA;} .message-effect-immune {font-weight:bold;color:#666666;} .message-learn-list {margin-top:0;margin-bottom:0;} .message-throttle-notice, .message-error {color:#992222;} .message-overflow, .chat small.message-overflow {font-size:0pt;} .message-overflow::before {font-size:9pt;content:'...';} .subtle {color:#3A4A66;}
</style>
<div class="wrapper replay-wrapper" style="max-width:1180px;margin:0 auto">
<input type="hidden" name="replayid" value="gen7randombattle-1008376087" />
<div class="battle"></div><div class="battle-log"></div><div class="replay-controls"></div><div class="replay-controls-2"></div>
<h1 style="font-weight:normal;text-align:center"><strong>[Gen 7] Random Battle</strong><br /><a href="http://pokemonshowdown.com/users/thlindo" class="subtle" target="_blank">Th Lindo</a> vs. <a href="http://pokemonshowdown.com/users/pedromchd" class="subtle" target="_blank">pedromchd</a></h1>
<script type="text/plain" class="battle-log-data">|j|☆Th Lindo
|j|☆pedromchd


|player|p1|Th Lindo|ghetsis|


|player|p2|pedromchd|1|
|teamsize|p1|6
|teamsize|p2|6
|gametype|singles
|gen|7
|tier|[Gen 7] Random Battle
|rule|Sleep Clause Mod: Limit one foe put to sleep
|rule|HP Percentage Mod: HP is shown in percentages
|
|start
|switch|p1a: Salamence|Salamence, L81, M|100\/100
|switch|p2a: Garchomp|Garchomp, L80, F|304\/304
|turn|1


|
|move|p2a: Garchomp|Dragon Claw|p1a: Salamence
|-supereffective|p1a: Salamence
|-damage|p1a: Salamence|27\/100
|move|p1a: Salamence|Dragon Dance|p1a: Salamence
|-boost|p1a: Salamence|atk|1
|-boost|p1a: Salamence|spe|1
|
|upkeep
|turn|2


|
|move|p1a: Salamence|Outrage|p2a: Garchomp
|-supereffective|p2a: Garchomp
|-damage|p2a: Garchomp|0 fnt
|-damage|p1a: Salamence|14\/100|[from] ability: Rough Skin|[of] p2a: Garchomp
|-damage|p1a: Salamence|0 fnt|[from] item: Rocky Helmet|[of] p2a: Garchomp
|faint|p2a: Garchomp
|faint|p1a: Salamence
|
|upkeep


|
|switch|p2a: Talonflame|Talonflame, L83, M|265\/265
|switch|p1a: Toxicroak|Toxicroak, L84, M|100\/100
|turn|3


|
|move|p2a: Talonflame|Brave Bird|p1a: Toxicroak
|-supereffective|p1a: Toxicroak
|-damage|p1a: Toxicroak|3\/100
|-damage|p2a: Talonflame|176\/265|[from] Recoil
|move|p1a: Toxicroak|Swords Dance|p1a: Toxicroak
|-boost|p1a: Toxicroak|atk|2
|
|-heal|p1a: Toxicroak|9\/100|[from] item: Black Sludge
|upkeep
|turn|4


|
|move|p2a: Talonflame|Brave Bird|p1a: Toxicroak
|-supereffective|p1a: Toxicroak
|-damage|p1a: Toxicroak|0 fnt
|-damage|p2a: Talonflame|168\/265|[from] Recoil
|faint|p1a: Toxicroak
|
|upkeep


|
|switch|p1a: Gogoat|Gogoat, L89, F|100\/100
|turn|5


|
|move|p2a: Talonflame|Flare Blitz|p1a: Gogoat
|-supereffective|p1a: Gogoat
|-damage|p1a: Gogoat|30\/100
|-damage|p2a: Talonflame|83\/265|[from] Recoil
|move|p1a: Gogoat|Rock Slide|p2a: Talonflame
|-supereffective|p2a: Talonflame
|-damage|p2a: Talonflame|0 fnt
|-damage|p1a: Gogoat|20\/100|[from] item: Life Orb
|faint|p2a: Talonflame
|
|upkeep


|
|switch|p2a: Scizor|Scizor, L80, M|243\/243
|turn|6


|
|move|p1a: Gogoat|Milk Drink|p1a: Gogoat
|-heal|p1a: Gogoat|70\/100
|move|p2a: Scizor|Bug Bite|p1a: Gogoat
|-supereffective|p1a: Gogoat
|-damage|p1a: Gogoat|21\/100
|
|upkeep
|turn|7


|
|move|p1a: Gogoat|Milk Drink|p1a: Gogoat
|-heal|p1a: Gogoat|71\/100
|move|p2a: Scizor|Bug Bite|p1a: Gogoat
|-supereffective|p1a: Gogoat
|-damage|p1a: Gogoat|21\/100
|
|upkeep
|turn|8


|
|move|p1a: Gogoat|Milk Drink|p1a: Gogoat
|-heal|p1a: Gogoat|71\/100
|move|p2a: Scizor|Bug Bite|p1a: Gogoat
|-supereffective|p1a: Gogoat
|-damage|p1a: Gogoat|18\/100
|
|upkeep
|turn|9


|
|move|p1a: Gogoat|Milk Drink|p1a: Gogoat
|-heal|p1a: Gogoat|68\/100
|move|p2a: Scizor|Bug Bite|p1a: Gogoat
|-supereffective|p1a: Gogoat
|-damage|p1a: Gogoat|15\/100
|
|upkeep
|turn|10


|
|move|p1a: Gogoat|Milk Drink|p1a: Gogoat
|-heal|p1a: Gogoat|65\/100
|move|p2a: Scizor|Bug Bite|p1a: Gogoat
|-supereffective|p1a: Gogoat
|-damage|p1a: Gogoat|19\/100
|
|upkeep
|turn|11


|
|move|p1a: Gogoat|Milk Drink|p1a: Gogoat
|-heal|p1a: Gogoat|69\/100
|move|p2a: Scizor|Bug Bite|p1a: Gogoat
|-supereffective|p1a: Gogoat
|-damage|p1a: Gogoat|14\/100
|
|upkeep
|turn|12


|
|move|p1a: Gogoat|Milk Drink|p1a: Gogoat
|-heal|p1a: Gogoat|64\/100
|move|p2a: Scizor|Bug Bite|p1a: Gogoat
|-supereffective|p1a: Gogoat
|-damage|p1a: Gogoat|13\/100
|
|upkeep
|turn|13


|
|move|p1a: Gogoat|Earthquake|p2a: Scizor
|-damage|p2a: Scizor|139\/243
|-damage|p1a: Gogoat|3\/100|[from] item: Life Orb
|move|p2a: Scizor|Bug Bite|p1a: Gogoat
|-supereffective|p1a: Gogoat
|-damage|p1a: Gogoat|0 fnt
|faint|p1a: Gogoat
|
|upkeep


|
|switch|p1a: Blaziken|Blaziken, L78, M|100\/100
|turn|14


|
|switch|p2a: Politoed|Politoed, L84, M|288\/288
|-weather|RainDance|[from] ability: Drizzle|[of] p2a: Politoed
|detailschange|p1a: Blaziken|Blaziken-Mega, L78, M
|-mega|p1a: Blaziken|Blaziken|Blazikenite
|move|p1a: Blaziken|Flare Blitz|p2a: Politoed
|-resisted|p2a: Politoed
|-crit|p2a: Politoed
|-damage|p2a: Politoed|216\/288
|-damage|p1a: Blaziken|91\/100|[from] Recoil
|
|-weather|RainDance|[upkeep]
|-ability|p1a: Blaziken|Speed Boost|boost
|-boost|p1a: Blaziken|spe|1
|upkeep
|turn|15


|
|move|p1a: Blaziken|High Jump Kick|p2a: Politoed
|-damage|p2a: Politoed|14\/288
|move|p2a: Politoed|Scald|p1a: Blaziken
|-supereffective|p1a: Blaziken
|-damage|p1a: Blaziken|0 fnt
|faint|p1a: Blaziken
|
|-weather|RainDance|[upkeep]
|upkeep


|
|switch|p1a: Decidueye|Decidueye, L86, M|100\/100
|turn|16


|
|move|p1a: Decidueye|Spirit Shackle|p2a: Politoed
|-damage|p2a: Politoed|0 fnt
|faint|p2a: Politoed
|
|-weather|RainDance|[upkeep]
|upkeep


|
|switch|p2a: Scizor|Scizor, L80, M|139\/243
|turn|17


|
|-zpower|p1a: Decidueye
|move|p1a: Decidueye|Sinister Arrow Raid|p2a: Scizor|[zeffect]
|-damage|p2a: Scizor|0 fnt
|faint|p2a: Scizor
|
|-weather|RainDance|[upkeep]
|upkeep


|
|switch|p2a: Sawk|Sawk, L87, M|272\/272
|turn|18


|
|move|p2a: Sawk|Knock Off|p1a: Decidueye
|-supereffective|p1a: Decidueye
|-damage|p1a: Decidueye|50\/100
|move|p1a: Decidueye|Spirit Shackle|p2a: Sawk
|-damage|p2a: Sawk|172\/272
|-activate|p2a: Sawk|trapped
|
|-weather|none
|-heal|p2a: Sawk|189\/272|[from] item: Leftovers
|upkeep
|turn|19


|
|move|p2a: Sawk|Knock Off|p1a: Decidueye
|-supereffective|p1a: Decidueye
|-damage|p1a: Decidueye|5\/100
|move|p1a: Decidueye|Leaf Blade|p2a: Sawk
|-damage|p2a: Sawk|2\/272
|
|-heal|p2a: Sawk|19\/272|[from] item: Leftovers
|upkeep
|turn|20


|
|move|p2a: Sawk|Knock Off|p1a: Decidueye
|-supereffective|p1a: Decidueye
|-damage|p1a: Decidueye|0 fnt
|faint|p1a: Decidueye
|
|-heal|p2a: Sawk|36\/272|[from] item: Leftovers
|upkeep


|
|switch|p1a: Magearna|Magearna, L80|100\/100
|turn|21


|
|move|p2a: Sawk|Close Combat|p1a: Magearna
|-damage|p1a: Magearna|48\/100
|-unboost|p2a: Sawk|def|1
|-unboost|p2a: Sawk|spd|1
|move|p1a: Magearna|Flash Cannon|p2a: Sawk
|-damage|p2a: Sawk|0 fnt
|faint|p2a: Sawk
|-ability|p1a: Magearna|Soul-Heart|boost
|-boost|p1a: Magearna|spa|1
|
|-heal|p1a: Magearna|54\/100|[from] item: Leftovers
|upkeep


|
|switch|p2a: Vaporeon|Vaporeon, L86, M|364\/364
|turn|22


|
|move|p2a: Vaporeon|Ice Beam|p1a: Magearna
|-resisted|p1a: Magearna
|-damage|p1a: Magearna|42\/100
|-status|p1a: Magearna|frz
|cant|p1a: Magearna|frz
|
|-heal|p1a: Magearna|48\/100 frz|[from] item: Leftovers
|upkeep
|turn|23


|
|move|p2a: Vaporeon|Scald|p1a: Magearna
|-damage|p1a: Magearna|14\/100 frz
|-curestatus|p1a: Magearna|frz|[msg]
|-status|p1a: Magearna|brn
|move|p1a: Magearna|Fleur Cannon|p2a: Vaporeon|[miss]
|-miss|p1a: Magearna|p2a: Vaporeon
|
|-heal|p1a: Magearna|20\/100 brn|[from] item: Leftovers
|-damage|p1a: Magearna|14\/100 brn|[from] brn
|upkeep
|turn|24


|-message|Th Lindo forfeited.


|
|win|pedromchd


|l|☆Th Lindo

|error|[Invalid choice] Can't do anything: The game is over</script>
</div>
<div class="battle-log battle-log-inline"><div class="inner"><div class="battle-options"><div style="padding-top: 3px; padding-right: 3px; text-align: right"><button class="icon button" name="openBattleOptions" title="Options">Battle Options</button></div></div><div class="inner"><div class="chat"><small>☆Th Lindo joined.</small></div><div class="chat"><small>☆pedromchd joined.</small></div><div class=""><small>Format:</small> <br><strong>[Gen 7] Random Battle</strong></div><div class=""><small><em>Sleep Clause Mod:</em> Limit one foe put to sleep</small></div><div class=""><small><em>HP Percentage Mod:</em> HP is shown in percentages</small></div><div class="spacer battle-history"><br></div><div class="battle-history">Battle started between Th Lindo and pedromchd!<br></div><div class="spacer battle-history"><br></div><div class="battle-history">Th Lindo sent out <strong>Salamence</strong>!<br></div><div class="spacer battle-history"><br></div><div class="battle-history">Go! <strong>Garchomp</strong>!<br></div><div class="spacer battle-history"><br></div><h2 class="battle-history">Turn 1</h2><div class="spacer battle-history"><br></div><div class="battle-history">Garchomp used <strong>Dragon Claw</strong>!<br></div><div class="battle-history"><small>It's super effective!</small><br></div><div class="battle-history"><small>(The opposing Salamence lost 73% of its health!)</small><br></div><div class="spacer battle-history"><br></div><div class="battle-history">The opposing Salamence used <strong>Dragon Dance</strong>!<br></div><div class="battle-history"><small>The opposing Salamence's Attack rose!</small><br></div><div class="battle-history"><small>The opposing Salamence's Speed rose!</small><br></div><div class="spacer battle-history"><br></div><h2 class="battle-history">Turn 2</h2><div class="spacer battle-history"><br></div><div class="battle-history">The opposing Salamence used <strong>Outrage</strong>!<br></div><div class="battle-history"><small>It's super effective!</small><br></div><div class="battle-history"><small>(Garchomp lost <abbr title="−304/304">100%</abbr> of its health!)</small><br></div><div class="battle-history"><small>[Garchomp's Rough Skin]</small><br><small>The opposing Salamence was hurt!</small><br></div><div class="battle-history"><small>The opposing Salamence was hurt by the Rocky Helmet!</small><br></div><div class="spacer battle-history"><br></div><div class="battle-history">Garchomp fainted!<br></div><div class="battle-history">The opposing Salamence fainted!<br></div><div class="spacer battle-history"><br></div><div class="battle-history">Go! <strong>Talonflame</strong>!<br></div><div class="spacer battle-history"><br></div><div class="battle-history">Th Lindo sent out <strong>Toxicroak</strong>!<br></div><div class="spacer battle-history"><br></div><h2 class="battle-history">Turn 3</h2><div class="spacer battle-history"><br></div><div class="battle-history">Talonflame used <strong>Brave Bird</strong>!<br></div><div class="battle-history"><small>It's super effective!</small><br></div><div class="battle-history"><small>(The opposing Toxicroak lost 97% of its health!)</small><br></div><div class="battle-history"><small>Talonflame is damaged by the recoil!</small><br></div><div class="spacer battle-history"><br></div><div class="battle-history">The opposing Toxicroak used <strong>Swords Dance</strong>!<br></div><div class="battle-history"><small>The opposing Toxicroak's Attack rose sharply!</small><br></div><div class="spacer battle-history"><br></div><div class="battle-history"><small>The opposing Toxicroak restored a little HP using its Black Sludge!</small><br></div><div class="spacer battle-history"><br></div><h2 class="battle-history">Turn 4</h2><div class="spacer battle-history"><br></div><div class="battle-history">Talonflame used <strong>Brave Bird</strong>!<br></div><div class="battle-history"><small>It's super effective!</small><br></div><div class="battle-history"><small>(The opposing Toxicroak lost 9% of its health!)</small><br></div><div class="battle-history"><small>Talonflame is damaged by the recoil!</small><br></div><div class="spacer battle-history"><br></div><div class="battle-history">The opposing Toxicroak fainted!<br></div><div class="spacer battle-history"><br></div><div class="battle-history">Th Lindo sent out <strong>Gogoat</strong>!<br></div><div class="spacer battle-history"><br></div><h2 class="battle-history">Turn 5</h2><div class="spacer battle-history"><br></div><div class="battle-history">Talonflame used <strong>Flare Blitz</strong>!<br></div><div class="battle-history"><small>It's super effective!</small><br></div><div class="battle-history"><small>(The opposing Gogoat lost 70% of its health!)</small><br></div><div class="battle-history"><small>Talonflame is damaged by the recoil!</small><br></div><div class="spacer battle-history"><br></div><div class="battle-history">The opposing Gogoat used <strong>Rock Slide</strong>!<br></div><div class="battle-history"><small>It's super effective!</small><br></div><div class="battle-history"><small>(Talonflame lost <abbr title="−83/265">31.3%</abbr> of its health!)</small><br></div><div class="battle-history"><small>The opposing Gogoat lost some of its HP!</small><br></div><div class="spacer battle-history"><br></div><div class="battle-history">Talonflame fainted!<br></div><div class="spacer battle-history"><br></div><div class="battle-history">Go! <strong>Scizor</strong>!<br></div><div class="spacer battle-history"><br></div><h2 class="battle-history">Turn 6</h2><div class="spacer battle-history"><br></div><div class="battle-history">The opposing Gogoat used <strong>Milk Drink</strong>!<br></div><div class="battle-history"><small>The opposing Gogoat restored its HP.</small><br></div><div class="spacer battle-history"><br></div><div class="battle-history">Scizor used <strong>Bug Bite</strong>!<br></div><div class="battle-history"><small>It's super effective!</small><br></div><div class="battle-history"><small>(The opposing Gogoat lost 49% of its health!)</small><br></div><div class="spacer battle-history"><br></div><h2 class="battle-history">Turn 7</h2><div class="spacer battle-history"><br></div><div class="battle-history">The opposing Gogoat used <strong>Milk Drink</strong>!<br></div><div class="battle-history"><small>The opposing Gogoat restored its HP.</small><br></div><div class="spacer battle-history"><br></div><div class="battle-history">Scizor used <strong>Bug Bite</strong>!<br></div><div class="battle-history"><small>It's super effective!</small><br></div><div class="battle-history"><small>(The opposing Gogoat lost 50% of its health!)</small><br></div><div class="spacer battle-history"><br></div><h2 class="battle-history">Turn 8</h2><div class="spacer battle-history"><br></div><div class="battle-history">The opposing Gogoat used <strong>Milk Drink</strong>!<br></div><div class="battle-history"><small>The opposing Gogoat restored its HP.</small><br></div><div class="spacer battle-history"><br></div><div class="battle-history">Scizor used <strong>Bug Bite</strong>!<br></div><div class="battle-history"><small>It's super effective!</small><br></div><div class="battle-history"><small>(The opposing Gogoat lost 53% of its health!)</small><br></div><div class="spacer battle-history"><br></div><h2 class="battle-history">Turn 9</h2><div class="spacer battle-history"><br></div><div class="battle-history">The opposing Gogoat used <strong>Milk Drink</strong>!<br></div><div class="battle-history"><small>The opposing Gogoat restored its HP.</small><br></div><div class="spacer battle-history"><br></div><div class="battle-history">Scizor used <strong>Bug Bite</strong>!<br></div><div class="battle-history"><small>It's super effective!</small><br></div><div class="battle-history"><small>(The opposing Gogoat lost 53% of its health!)</small><br></div><div class="spacer battle-history"><br></div><h2 class="battle-history">Turn 10</h2><div class="spacer battle-history"><br></div><div class="battle-history">The opposing Gogoat used <strong>Milk Drink</strong>!<br></div><div class="battle-history"><small>The opposing Gogoat restored its HP.</small><br></div><div class="spacer battle-history"><br></div><div class="battle-history">Scizor used <strong>Bug Bite</strong>!<br></div><div class="battle-history"><small>It's super effective!</small><br></div><div class="battle-history"><small>(The opposing Gogoat lost 46% of its health!)</small><br></div><div class="spacer battle-history"><br></div><h2 class="battle-history">Turn 11</h2><div class="spacer battle-history"><br></div><div class="battle-history">The opposing Gogoat used <strong>Milk Drink</strong>!<br></div><div class="battle-history"><small>The opposing Gogoat restored its HP.</small><br></div><div class="spacer battle-history"><br></div><div class="battle-history">Scizor used <strong>Bug Bite</strong>!<br></div><div class="battle-history"><small>It's super effective!</small><br></div><div class="battle-history"><small>(The opposing Gogoat lost 55% of its health!)</small><br></div><div class="spacer battle-history"><br></div><h2 class="battle-history">Turn 12</h2><div class="spacer battle-history"><br></div><div class="battle-history">The opposing Gogoat used <strong>Milk Drink</strong>!<br></div><div class="battle-history"><small>The opposing Gogoat restored its HP.</small><br></div><div class="spacer battle-history"><br></div><div class="battle-history">Scizor used <strong>Bug Bite</strong>!<br></div><div class="battle-history"><small>It's super effective!</small><br></div><div class="battle-history"><small>(The opposing Gogoat lost 51% of its health!)</small><br></div><div class="spacer battle-history"><br></div><h2 class="battle-history">Turn 13</h2><div class="spacer battle-history"><br></div><div class="battle-history">The opposing Gogoat used <strong>Earthquake</strong>!<br></div><div class="battle-history"><small>(Scizor lost <abbr title="−104/243">42.8%</abbr> of its health!)</small><br></div><div class="battle-history"><small>The opposing Gogoat lost some of its HP!</small><br></div><div class="spacer battle-history"><br></div><div class="battle-history">Scizor used <strong>Bug Bite</strong>!<br></div><div class="battle-history"><small>It's super effective!</small><br></div><div class="battle-history"><small>(The opposing Gogoat lost 3% of its health!)</small><br></div><div class="spacer battle-history"><br></div><div class="battle-history">The opposing Gogoat fainted!<br></div><div class="spacer battle-history"><br></div><div class="battle-history">Th Lindo sent out <strong>Blaziken</strong>!<br></div><div class="spacer battle-history"><br></div><h2 class="battle-history">Turn 14</h2><div class="spacer battle-history"><br></div><div class="battle-history">Scizor, come back!<br></div><div class="battle-history">Go! <strong>Politoed</strong>!<br></div><div class="battle-history"><small>[Politoed's Drizzle]</small><br><small>It started to rain!</small><br></div><div class="spacer battle-history"><br></div><div class="battle-history"><small>The opposing Blaziken's Blazikenite is reacting to the Key Stone!</small><br>The opposing Blaziken has Mega Evolved into Mega Blaziken!<br></div><div class="spacer battle-history"><br></div><div class="battle-history">The opposing Blaziken used <strong>Flare Blitz</strong>!<br></div><div class="battle-history"><small>It's not very effective...</small><br></div><div class="battle-history"><small>A critical hit!</small><br></div><div class="battle-history"><small>(Politoed lost <abbr title="−72/288">25%</abbr> of its health!)</small><br></div><div class="battle-history"><small>The opposing Blaziken is damaged by the recoil!</small><br></div><div class="spacer battle-history"><br></div><div class="battle-history"><small>(Rain continues to fall!)</small><br></div><div class="battle-history"><small>[The opposing Blaziken's Speed Boost]</small><br></div><div class="battle-history"><small>The opposing Blaziken's Speed rose!</small><br></div><div class="spacer battle-history"><br></div><h2 class="battle-history">Turn 15</h2><div class="spacer battle-history"><br></div><div class="battle-history">The opposing Blaziken used <strong>High Jump Kick</strong>!<br></div><div class="battle-history"><small>(Politoed lost <abbr title="−202/288">70.1%</abbr> of its health!)</small><br></div><div class="spacer battle-history"><br></div><div class="battle-history">Politoed used <strong>Scald</strong>!<br></div><div class="battle-history"><small>It's super effective!</small><br></div><div class="battle-history"><small>(The opposing Blaziken lost 91% of its health!)</small><br></div><div class="spacer battle-history"><br></div><div class="battle-history">The opposing Blaziken fainted!<br></div><div class="spacer battle-history"><br></div><div class="battle-history"><small>(Rain continues to fall!)</small><br></div><div class="spacer battle-history"><br></div><div class="battle-history">Th Lindo sent out <strong>Decidueye</strong>!<br></div><div class="spacer battle-history"><br></div><h2 class="battle-history">Turn 16</h2><div class="spacer battle-history"><br></div><div class="battle-history">The opposing Decidueye used <strong>Spirit Shackle</strong>!<br></div><div class="battle-history"><small>(Politoed lost <abbr title="−14/288">4.9%</abbr> of its health!)</small><br></div><div class="spacer battle-history"><br></div><div class="battle-history">Politoed fainted!<br></div><div class="spacer battle-history"><br></div><div class="battle-history"><small>(Rain continues to fall!)</small><br></div><div class="spacer battle-history"><br></div><div class="battle-history">Go! <strong>Scizor</strong>!<br></div><div class="spacer battle-history"><br></div><h2 class="battle-history">Turn 17</h2><div class="spacer battle-history"><br></div><div class="battle-history"><small>The opposing Decidueye surrounded itself with its Z-Power!</small><br></div><div class="spacer battle-history"><br></div><div class="battle-history">The opposing Decidueye used <strong>Sinister Arrow Raid</strong>!<br></div><div class="battle-history"><small>(Scizor lost <abbr title="−139/243">57.2%</abbr> of its health!)</small><br></div><div class="spacer battle-history"><br></div><div class="battle-history">Scizor fainted!<br></div><div class="spacer battle-history"><br></div><div class="battle-history"><small>(Rain continues to fall!)</small><br></div><div class="spacer battle-history"><br></div><div class="battle-history">Go! <strong>Sawk</strong>!<br></div><div class="spacer battle-history"><br></div><h2 class="battle-history">Turn 18</h2><div class="spacer battle-history"><br></div><div class="battle-history">Sawk used <strong>Knock Off</strong>!<br></div><div class="battle-history"><small>It's super effective!</small><br></div><div class="battle-history"><small>(The opposing Decidueye lost 50% of its health!)</small><br></div><div class="spacer battle-history"><br></div><div class="battle-history">The opposing Decidueye used <strong>Spirit Shackle</strong>!<br></div><div class="battle-history"><small>(Sawk lost <abbr title="−100/272">36.8%</abbr> of its health!)</small><br></div><div class="battle-history"><small>Sawk can no longer escape!</small><br></div><div class="spacer battle-history"><br></div><div class="battle-history"><small>The rain stopped.</small><br></div><div class="battle-history"><small>Sawk restored a little HP using its Leftovers!</small><br></div><div class="spacer battle-history"><br></div><h2 class="battle-history">Turn 19</h2><div class="spacer battle-history"><br></div><div class="battle-history">Sawk used <strong>Knock Off</strong>!<br></div><div class="battle-history"><small>It's super effective!</small><br></div><div class="battle-history"><small>(The opposing Decidueye lost 45% of its health!)</small><br></div><div class="spacer battle-history"><br></div><div class="battle-history">The opposing Decidueye used <strong>Leaf Blade</strong>!<br></div><div class="battle-history"><small>(Sawk lost <abbr title="−187/272">68.8%</abbr> of its health!)</small><br></div><div class="spacer battle-history"><br></div><div class="battle-history"><small>Sawk restored a little HP using its Leftovers!</small><br></div><div class="spacer battle-history"><br></div><h2 class="battle-history">Turn 20</h2><div class="spacer battle-history"><br></div><div class="battle-history">Sawk used <strong>Knock Off</strong>!<br></div><div class="battle-history"><small>It's super effective!</small><br></div><div class="battle-history"><small>(The opposing Decidueye lost 5% of its health!)</small><br></div><div class="spacer battle-history"><br></div><div class="battle-history">The opposing Decidueye fainted!<br></div><div class="spacer battle-history"><br></div><div class="battle-history"><small>Sawk restored a little HP using its Leftovers!</small><br></div><div class="spacer battle-history"><br></div><div class="battle-history">Th Lindo sent out <strong>Magearna</strong>!<br></div><div class="spacer battle-history"><br></div><h2 class="battle-history">Turn 21</h2><div class="spacer battle-history"><br></div><div class="battle-history">Sawk used <strong>Close Combat</strong>!<br></div><div class="battle-history"><small>(The opposing Magearna lost 52% of its health!)</small><br></div><div class="battle-history"><small>Sawk's Defense fell!</small><br></div><div class="battle-history"><small>Sawk's Special Defense fell!</small><br></div><div class="spacer battle-history"><br></div><div class="battle-history">The opposing Magearna used <strong>Flash Cannon</strong>!<br></div><div class="battle-history"><small>(Sawk lost <abbr title="−36/272">13.2%</abbr> of its health!)</small><br></div><div class="spacer battle-history"><br></div><div class="battle-history">Sawk fainted!<br></div><div class="battle-history"><small>[The opposing Magearna's Soul-Heart]</small><br></div><div class="battle-history"><small>The opposing Magearna's Special Attack rose!</small><br></div><div class="spacer battle-history"><br></div><div class="battle-history"><small>The opposing Magearna restored a little HP using its Leftovers!</small><br></div><div class="spacer battle-history"><br></div><div class="battle-history">Go! <strong>Vaporeon</strong>!<br></div><div class="spacer battle-history"><br></div><h2 class="battle-history">Turn 22</h2><div class="spacer battle-history"><br></div><div class="battle-history">Vaporeon used <strong>Ice Beam</strong>!<br></div><div class="battle-history"><small>It's not very effective...</small><br></div><div class="battle-history"><small>(The opposing Magearna lost 12% of its health!)</small><br></div><div class="battle-history"><small>The opposing Magearna was frozen solid!</small><br></div><div class="spacer battle-history"><br></div><div class="battle-history">The opposing Magearna is frozen solid!<br></div><div class="spacer battle-history"><br></div><div class="battle-history"><small>The opposing Magearna restored a little HP using its Leftovers!</small><br></div><div class="spacer battle-history"><br></div><h2 class="battle-history">Turn 23</h2><div class="spacer battle-history"><br></div><div class="battle-history">Vaporeon used <strong>Scald</strong>!<br></div><div class="battle-history"><small>(The opposing Magearna lost 34% of its health!)</small><br></div><div class="battle-history"><small>The opposing Magearna thawed out!</small><br></div><div class="battle-history"><small>The opposing Magearna was burned!</small><br></div><div class="spacer battle-history"><br></div><div class="battle-history">The opposing Magearna used <strong>Fleur Cannon</strong>!<br></div><div class="battle-history"><small>Vaporeon avoided the attack!</small><br></div><div class="spacer battle-history"><br></div><div class="battle-history"><small>The opposing Magearna restored a little HP using its Leftovers!</small><br></div><div class="battle-history"><small>The opposing Magearna was hurt by its burn!</small><br></div><div class="spacer battle-history"><br></div><h2 class="battle-history">Turn 24</h2><div class="spacer battle-history"><br></div><div class="battle-history"><small>Th Lindo forfeited.</small><br></div><div class="spacer battle-history"><br></div><div class="battle-history"><strong>pedromchd</strong> won the battle!<br></div><div class="chat"><small>☆Th Lindo left.</small></div><div class="chat message-error">[Invalid choice] Can't do anything: The game is over</div></div><div class="inner-preempt"></div></div></div>
</div>
<script>
let daily = Math.floor(Date.now()/1000/60/60/24);document.write('<script src="https://play.pokemonshowdown.com/js/replay-embed.js?version'+daily+'"></'+'script>');
</script>
