<!DOCTYPE html>
<meta charset="utf-8" />
<!-- version 1 -->
<title>[Gen 7] Random Battle replay: andrebs vs. pedromchd</title>
<style>
html,body {font-family:Verdana, sans-serif;font-size:10pt;margin:0;padding:0;}body{padding:12px 0;} .battle-log {font-family:Verdana, sans-serif;font-size:10pt;} .battle-log-inline {border:1px solid #AAAAAA;background:#EEF2F5;color:black;max-width:640px;margin:0 auto 80px;padding-bottom:5px;} .battle-log .inner {padding:4px 8px 0px 8px;} .battle-log .inner-preempt {padding:0 8px 4px 8px;} .battle-log .inner-after {margin-top:0.5em;} .battle-log h2 {margin:0.5em -8px;padding:4px 8px;border:1px solid #AAAAAA;background:#E0E7EA;border-left:0;border-right:0;font-family:Verdana, sans-serif;font-size:13pt;} .battle-log .chat {vertical-align:middle;padding:3px 0 3px 0;font-size:8pt;} .battle-log .chat strong {color:#40576A;} .battle-log .chat em {padding:1px 4px 1px 3px;color:#000000;font-style:normal;} .chat.mine {background:rgba(0,0,0,0.05);margin-left:-8px;margin-right:-8px;padding-left:8px;padding-right:8px;} .spoiler {color:#BBBBBB;background:#BBBBBB;padding:0px 3px;} .spoiler:hover, .spoiler:active, .spoiler-shown {color:#000000;background:#E2E2E2;padding:0px 3px;} .spoiler a {color:#BBBBBB;} .spoiler:hover a, .spoiler:active a, .spoiler-shown a {color:#2288CC;} .chat code, .chat .spoiler:hover code, .chat .spoiler:active code, .chat .spoiler-shown code {border:1px solid #C0C0C0;background:#EEEEEE;color:black;padding:0 2px;} .chat .spoiler code {border:1px solid #CCCCCC;background:#CCCCCC;color:#CCCCCC;} .battle-log .rated {padding:3px 4px;} .battle-log .rated strong {color:white;background:#89A;padding:1px 4px;border-radius:4px;} .spacer {margin-top:0.5em;} .message-announce {background:#6688AA;color:white;padding:1px 4px 2px;} .message-announce a, .broadcast-green a, .broadcast-blue a, .broadcast-red a {color:#DDEEFF;} .broadcast-green {background-color:#559955;color:white;padding:2px 4px;} .broadcast-blue {background-color:#6688AA;color:white;padding:2px 4px;} .infobox {border:1px solid #6688AA;padding:2px 4px;} .infobox-limited {max-height:200px;overflow:auto;overflow-x:hidden;} .broadcast-red {background-color:#AA5544;color:white;padding:2px 4px;} .message-learn-canlearn {font-weight:bold;color:#228822;text-decoration:underline;} .message-learn-cannotlearn {font-weight:bold;color:#CC2222;text-decoration:underline;} .message-effect-weak {font-weight:bold;color:#CC2222;} .message-effect-resist {font-weight:bold;color:#6688AA;} .message-effect-immune {font-weight:bold;color:#666666;} .message-learn-list {margin-top:0;margin-bottom:0;} .message-throttle-notice, .message-error {color:#992222;} .message-overflow, .chat small.message-overflow {font-size:0pt;} .message-overflow::before {font-size:9pt;content:'...';} .subtle {color:#3A4A66;}
</style>
<div class="wrapper replay-wrapper" style="max-width:1180px;margin:0 auto">
<input type="hidden" name="replayid" value="gen7randombattle-1008625611" />
<div class="battle"></div><div class="battle-log"></div><div class="replay-controls"></div><div class="replay-controls-2"></div>
<h1 style="font-weight:normal;text-align:center"><strong>[Gen 7] Random Battle</strong><br /><a href="http://pokemonshowdown.com/users/andrebs" class="subtle" target="_blank">andrebs</a> vs. <a href="http://pokemonshowdown.com/users/pedromchd" class="subtle" target="_blank">pedromchd</a></h1>
<script type="text/plain" class="battle-log-data">|j|☆andrebs
|j|☆pedromchd


|player|p1|andrebs|2|


|player|p2|pedromchd|266|
|teamsize|p1|6
|teamsize|p2|6
|gametype|singles
|gen|7
|tier|[Gen 7] Random Battle
|rule|Sleep Clause Mod: Limit one foe put to sleep
|rule|HP Percentage Mod: HP is shown in percentages
|
|start
|switch|p1a: Celesteela|Celesteela, L80|100\/100
|switch|p2a: Archeops|Archeops, L87, F|271\/271
|turn|1


|
|move|p2a: Archeops|Earthquake|p1a: Celesteela
|-immune|p1a: Celesteela
|move|p1a: Celesteela|Flash Cannon|p2a: Archeops
|-supereffective|p2a: Archeops
|-damage|p2a: Archeops|79\/271
|
|upkeep
|turn|2


|
|move|p2a: Archeops|Acrobatics|p1a: Celesteela
|-resisted|p1a: Celesteela
|-damage|p1a: Celesteela|88\/100
|move|p1a: Celesteela|Flash Cannon|p2a: Archeops
|-supereffective|p2a: Archeops
|-damage|p2a: Archeops|0 fnt
|faint|p2a: Archeops
|-ability|p1a: Celesteela|Beast Boost|boost
|-boost|p1a: Celesteela|spa|1
|
|upkeep


|
|switch|p2a: Jolteon|Jolteon, L84, M|246\/246
|turn|3


|
|move|p2a: Jolteon|Thunderbolt|p1a: Celesteela
|-supereffective|p1a: Celesteela
|-damage|p1a: Celesteela|0 fnt
|faint|p1a: Celesteela
|
|upkeep


|
|switch|p1a: Hippowdon|Hippowdon, L82, F|100\/100
|-weather|Sandstorm|[from] ability: Sand Stream|[of] p1a: Hippowdon
|turn|4


|
|switch|p2a: Manaphy|Manaphy, L80|291\/291
|move|p1a: Hippowdon|Earthquake|p2a: Manaphy
|-damage|p2a: Manaphy|174\/291
|
|-weather|Sandstorm|[upkeep]
|-damage|p2a: Manaphy|156\/291|[from] Sandstorm
|-heal|p2a: Manaphy|174\/291|[from] item: Leftovers
|upkeep
|turn|5


|
|move|p2a: Manaphy|Surf|p1a: Hippowdon
|-supereffective|p1a: Hippowdon
|-damage|p1a: Hippowdon|31\/100
|move|p1a: Hippowdon|Toxic|p2a: Manaphy
|-status|p2a: Manaphy|tox
|
|-weather|Sandstorm|[upkeep]
|-damage|p2a: Manaphy|156\/291 tox|[from] Sandstorm
|-heal|p2a: Manaphy|174\/291 tox|[from] item: Leftovers
|-heal|p1a: Hippowdon|37\/100|[from] item: Leftovers
|-damage|p2a: Manaphy|156\/291 tox|[from] psn
|upkeep
|turn|6


|
|switch|p1a: Diancie|Diancie, L80|100\/100
|move|p2a: Manaphy|Energy Ball|p1a: Diancie
|-supereffective|p1a: Diancie
|-damage|p1a: Diancie|75\/100
|
|-weather|Sandstorm|[upkeep]
|-damage|p2a: Manaphy|138\/291 tox|[from] Sandstorm
|-heal|p2a: Manaphy|156\/291 tox|[from] item: Leftovers
|-damage|p2a: Manaphy|120\/291 tox|[from] psn
|upkeep
|turn|7


|
|detailschange|p1a: Diancie|Diancie-Mega, L80
|-mega|p1a: Diancie|Diancie|Diancite
|move|p1a: Diancie|Diamond Storm|p2a: Manaphy
|-damage|p2a: Manaphy|0 fnt
|-boost|p1a: Diancie|def|2
|faint|p2a: Manaphy
|
|-weather|Sandstorm|[upkeep]
|upkeep


|
|switch|p2a: Tentacruel|Tentacruel, L82, F|265\/265
|turn|8


|
|move|p1a: Diancie|Calm Mind|p1a: Diancie
|-boost|p1a: Diancie|spa|1
|-boost|p1a: Diancie|spd|1
|move|p2a: Tentacruel|Scald|p1a: Diancie
|-supereffective|p1a: Diancie
|-damage|p1a: Diancie|37\/100
|-status|p1a: Diancie|brn
|-damage|p2a: Tentacruel|239\/265|[from] item: Life Orb
|
|-weather|none
|-damage|p1a: Diancie|30\/100 brn|[from] brn
|upkeep
|turn|9


|
|move|p1a: Diancie|Diamond Storm|p2a: Tentacruel
|-damage|p2a: Tentacruel|140\/265
|move|p2a: Tentacruel|Sludge Bomb|p1a: Diancie
|-damage|p1a: Diancie|1\/100 brn
|-damage|p2a: Tentacruel|114\/265|[from] item: Life Orb
|
|-damage|p1a: Diancie|0 fnt|[from] brn
|faint|p1a: Diancie
|upkeep


|
|switch|p1a: Electrode|Electrode, L89|100\/100
|turn|10


|
|switch|p2a: Claydol|Claydol, L88|249\/249
|move|p1a: Electrode|Thunderbolt|p2a: Claydol
|-immune|p2a: Claydol
|
|upkeep
|turn|11


|
|move|p1a: Electrode|Foul Play|p2a: Claydol
|-supereffective|p2a: Claydol
|-damage|p2a: Claydol|143\/249
|move|p2a: Claydol|Earthquake|p1a: Electrode
|-supereffective|p1a: Electrode
|-damage|p1a: Electrode|20\/100
|
|-heal|p1a: Electrode|25\/100|[from] item: Leftovers
|-heal|p2a: Claydol|158\/249|[from] item: Leftovers
|upkeep
|turn|12


|
|switch|p1a: Rayquaza|Rayquaza, L78|100\/100
|-ability|p1a: Rayquaza|Air Lock
|move|p2a: Claydol|Earthquake|p1a: Rayquaza
|-immune|p1a: Rayquaza
|
|-heal|p2a: Claydol|173\/249|[from] item: Leftovers
|upkeep
|turn|13


|
|switch|p2a: Jolteon|Jolteon, L84, M|246\/246
|move|p1a: Rayquaza|Outrage|p2a: Jolteon
|-damage|p2a: Jolteon|35\/246
|
|upkeep
|turn|14


|
|move|p2a: Jolteon|Thunderbolt|p1a: Rayquaza
|-damage|p1a: Rayquaza|48\/100
|move|p1a: Rayquaza|Outrage|p2a: Jolteon|[from]lockedmove
|-damage|p2a: Jolteon|0 fnt
|faint|p2a: Jolteon
|
|upkeep


|
|switch|p2a: Tentacruel|Tentacruel, L82, F|114\/265
|turn|15


|
|move|p2a: Tentacruel|Sludge Bomb|p1a: Rayquaza
|-damage|p1a: Rayquaza|11\/100
|-damage|p2a: Tentacruel|88\/265|[from] item: Life Orb
|move|p1a: Rayquaza|Outrage|p2a: Tentacruel|[from]lockedmove
|-damage|p2a: Tentacruel|0 fnt
|-start|p1a: Rayquaza|confusion|[fatigue]
|faint|p2a: Tentacruel
|
|upkeep


|
|switch|p2a: Simisear|Simisear, L89, M|278\/278
|turn|16


|
|-activate|p1a: Rayquaza|confusion
|move|p1a: Rayquaza|Extreme Speed|p2a: Simisear
|-damage|p2a: Simisear|196\/278
|move|p2a: Simisear|Hidden Power|p1a: Rayquaza
|-supereffective|p1a: Rayquaza
|-damage|p1a: Rayquaza|0 fnt
|-damage|p2a: Simisear|169\/278|[from] item: Life Orb
|faint|p1a: Rayquaza
|
|upkeep


|
|switch|p1a: Pyroar|Pyroar, L87, M|100\/100
|-ability|p1a: Pyroar|Unnerve|p2: pedromchd
|turn|17


|
|move|p1a: Pyroar|Fire Blast|p2a: Simisear
|-resisted|p2a: Simisear
|-damage|p2a: Simisear|56\/278
|-damage|p1a: Pyroar|91\/100|[from] item: Life Orb
|move|p2a: Simisear|Hidden Power|p1a: Pyroar
|-supereffective|p1a: Pyroar
|-damage|p1a: Pyroar|40\/100
|-damage|p2a: Simisear|29\/278|[from] item: Life Orb
|
|upkeep
|turn|18


|
|move|p1a: Pyroar|Will-O-Wisp|p2a: Simisear|[miss]
|-miss|p1a: Pyroar|p2a: Simisear
|move|p2a: Simisear|Hidden Power|p1a: Pyroar
|-supereffective|p1a: Pyroar
|-damage|p1a: Pyroar|0 fnt
|-damage|p2a: Simisear|2\/278|[from] item: Life Orb
|faint|p1a: Pyroar
|
|upkeep


|
|switch|p1a: Hippowdon|Hippowdon, L82, F|37\/100
|-weather|Sandstorm|[from] ability: Sand Stream|[of] p1a: Hippowdon
|turn|19


|
|move|p2a: Simisear|Focus Blast|p1a: Hippowdon
|-damage|p1a: Hippowdon|0 fnt
|-damage|p2a: Simisear|0 fnt|[from] item: Life Orb
|faint|p1a: Hippowdon
|faint|p2a: Simisear
|
|-weather|Sandstorm|[upkeep]
|upkeep


|
|switch|p2a: Claydol|Claydol, L88|173\/249
|switch|p1a: Electrode|Electrode, L89|25\/100
|turn|20


|
|move|p1a: Electrode|Foul Play|p2a: Claydol
|-supereffective|p2a: Claydol
|-damage|p2a: Claydol|71\/249
|move|p2a: Claydol|Earthquake|p1a: Electrode
|-supereffective|p1a: Electrode
|-damage|p1a: Electrode|0 fnt
|faint|p1a: Electrode
|
|win|pedromchd
</script>
</div>
<div class="battle-log battle-log-inline"><div class="inner"><div class="battle-options"><div style="padding-top: 3px; padding-right: 3px; text-align: right"><button class="icon button" name="openBattleOptions" title="Options">Battle Options</button></div></div><div class="inner"><div class="chat"><small>☆andrebs joined.</small></div><div class="chat"><small>☆pedromchd joined.</small></div><div class=""><small>Format:</small> <br><strong>[Gen 7] Random Battle</strong></div><div class=""><small><em>Sleep Clause Mod:</em> Limit one foe put to sleep</small></div><div class=""><small><em>HP Percentage Mod:</em> HP is shown in percentages</small></div><div class="spacer battle-history"><br></div><div class="battle-history">Battle started between andrebs and pedromchd!<br></div><div class="spacer battle-history"><br></div><div class="battle-history">andrebs sent out <strong>Celesteela</strong>!<br></div><div class="spacer battle-history"><br></div><div class="battle-history">Go! <strong>Archeops</strong>!<br></div><div class="spacer battle-history"><br></div><h2 class="battle-history">Turn 1</h2><div class="spacer battle-history"><br></div><div class="battle-history">Archeops used <strong>Earthquake</strong>!<br></div><div class="battle-history"><small>It doesn't affect the opposing Celesteela...</small><br></div><div class="spacer battle-history"><br></div><div class="battle-history">The opposing Celesteela used <strong>Flash Cannon</strong>!<br></div><div class="battle-history"><small>It's super effective!</small><br></div><div class="battle-history"><small>(Archeops lost <abbr title="−192/271">70.8%</abbr> of its health!)</small><br></div><div class="spacer battle-history"><br></div><h2 class="battle-history">Turn 2</h2><div class="spacer battle-history"><br></div><div class="battle-history">Archeops used <strong>Acrobatics</strong>!<br></div><div class="battle-history"><small>It's not very effective...</small><br></div><div class="battle-history"><small>(The opposing Celesteela lost 12% of its health!)</small><br></div><div class="spacer battle-history"><br></div><div class="battle-history">The opposing Celesteela used <strong>Flash Cannon</strong>!<br></div><div class="battle-history"><small>It's super effective!</small><br></div><div class="battle-history"><small>(Archeops lost <abbr title="−79/271">29.2%</abbr> of its health!)</small><br></div><div class="spacer battle-history"><br></div><div class="battle-history">Archeops fainted!<br></div><div class="battle-history"><small>[The opposing Celesteela's Beast Boost]</small><br></div><div class="battle-history"><small>The opposing Celesteela's Special Attack rose!</small><br></div><div class="spacer battle-history"><br></div><div class="battle-history">Go! <strong>Jolteon</strong>!<br></div><div class="spacer battle-history"><br></div><h2 class="battle-history">Turn 3</h2><div class="spacer battle-history"><br></div><div class="battle-history">Jolteon used <strong>Thunderbolt</strong>!<br></div><div class="battle-history"><small>It's super effective!</small><br></div><div class="battle-history"><small>(The opposing Celesteela lost 88% of its health!)</small><br></div><div class="spacer battle-history"><br></div><div class="battle-history">The opposing Celesteela fainted!<br></div><div class="spacer battle-history"><br></div><div class="battle-history">andrebs sent out <strong>Hippowdon</strong>!<br></div><div class="battle-history"><small>[The opposing Hippowdon's Sand Stream]</small><br><small>A sandstorm kicked up!</small><br></div><div class="spacer battle-history"><br></div><h2 class="battle-history">Turn 4</h2><div class="spacer battle-history"><br></div><div class="battle-history">Jolteon, come back!<br></div><div class="battle-history">Go! <strong>Manaphy</strong>!<br></div><div class="spacer battle-history"><br></div><div class="battle-history">The opposing Hippowdon used <strong>Earthquake</strong>!<br></div><div class="battle-history"><small>(Manaphy lost <abbr title="−117/291">40.2%</abbr> of its health!)</small><br></div><div class="spacer battle-history"><br></div><div class="battle-history"><small>The sandstorm is raging.</small><br></div><div class="battle-history"><small>Manaphy is buffeted by the sandstorm!</small><br></div><div class="battle-history"><small>Manaphy restored a little HP using its Leftovers!</small><br></div><div class="spacer battle-history"><br></div><h2 class="battle-history">Turn 5</h2><div class="spacer battle-history"><br></div><div class="battle-history">Manaphy used <strong>Surf</strong>!<br></div><div class="battle-history"><small>It's super effective!</small><br></div><div class="battle-history"><small>(The opposing Hippowdon lost 69% of its health!)</small><br></div><div class="spacer battle-history"><br></div><div class="battle-history">The opposing Hippowdon used <strong>Toxic</strong>!<br></div><div class="battle-history"><small>Manaphy was badly poisoned!</small><br></div><div class="spacer battle-history"><br></div><div class="battle-history"><small>The sandstorm is raging.</small><br></div><div class="battle-history"><small>Manaphy is buffeted by the sandstorm!</small><br></div><div class="battle-history"><small>Manaphy restored a little HP using its Leftovers!</small><br></div><div class="battle-history"><small>The opposing Hippowdon restored a little HP using its Leftovers!</small><br></div><div class="battle-history"><small>Manaphy was hurt by poison!</small><br></div><div class="spacer battle-history"><br></div><h2 class="battle-history">Turn 6</h2><div class="spacer battle-history"><br></div><div class="battle-history">andrebs withdrew Hippowdon!<br></div><div class="battle-history">andrebs sent out <strong>Diancie</strong>!<br></div><div class="spacer battle-history"><br></div><div class="battle-history">Manaphy used <strong>Energy Ball</strong>!<br></div><div class="battle-history"><small>It's super effective!</small><br></div><div class="battle-history"><small>(The opposing Diancie lost 25% of its health!)</small><br></div><div class="spacer battle-history"><br></div><div class="battle-history"><small>The sandstorm is raging.</small><br></div><div class="battle-history"><small>Manaphy is buffeted by the sandstorm!</small><br></div><div class="battle-history"><small>Manaphy restored a little HP using its Leftovers!</small><br></div><div class="battle-history"><small>Manaphy was hurt by poison!</small><br></div><div class="spacer battle-history"><br></div><h2 class="battle-history">Turn 7</h2><div class="spacer battle-history"><br></div><div class="battle-history"><small>The opposing Diancie's Diancite is reacting to the Key Stone!</small><br>The opposing Diancie has Mega Evolved into Mega Diancie!<br></div><div class="spacer battle-history"><br></div><div class="battle-history">The opposing Diancie used <strong>Diamond Storm</strong>!<br></div><div class="battle-history"><small>(Manaphy lost <abbr title="−120/291">41.2%</abbr> of its health!)</small><br></div><div class="battle-history"><small>The opposing Diancie's Defense rose sharply!</small><br></div><div class="spacer battle-history"><br></div><div class="battle-history">Manaphy fainted!<br></div><div class="spacer battle-history"><br></div><div class="battle-history"><small>The sandstorm is raging.</small><br></div><div class="spacer battle-history"><br></div><div class="battle-history">Go! <strong>Tentacruel</strong>!<br></div><div class="spacer battle-history"><br></div><h2 class="battle-history">Turn 8</h2><div class="spacer battle-history"><br></div><div class="battle-history">The opposing Diancie used <strong>Calm Mind</strong>!<br></div><div class="battle-history"><small>The opposing Diancie's Special Attack rose!</small><br></div><div class="battle-history"><small>The opposing Diancie's Special Defense rose!</small><br></div><div class="spacer battle-history"><br></div><div class="battle-history">Tentacruel used <strong>Scald</strong>!<br></div><div class="battle-history"><small>It's super effective!</small><br></div><div class="battle-history"><small>(The opposing Diancie lost 38% of its health!)</small><br></div><div class="battle-history"><small>The opposing Diancie was burned!</small><br></div><div class="battle-history"><small>Tentacruel lost some of its HP!</small><br></div><div class="spacer battle-history"><br></div><div class="battle-history"><small>The sandstorm subsided.</small><br></div><div class="battle-history"><small>The opposing Diancie was hurt by its burn!</small><br></div><div class="spacer battle-history"><br></div><h2 class="battle-history">Turn 9</h2><div class="spacer battle-history"><br></div><div class="battle-history">The opposing Diancie used <strong>Diamond Storm</strong>!<br></div><div class="battle-history"><small>(Tentacruel lost <abbr title="−99/265">37.4%</abbr> of its health!)</small><br></div><div class="spacer battle-history"><br></div><div class="battle-history">Tentacruel used <strong>Sludge Bomb</strong>!<br></div><div class="battle-history"><small>(The opposing Diancie lost 29% of its health!)</small><br></div><div class="battle-history"><small>Tentacruel lost some of its HP!</small><br></div><div class="spacer battle-history"><br></div><div class="battle-history"><small>The opposing Diancie was hurt by its burn!</small><br></div><div class="spacer battle-history"><br></div><div class="battle-history">The opposing Diancie fainted!<br></div><div class="spacer battle-history"><br></div><div class="battle-history">andrebs sent out <strong>Electrode</strong>!<br></div><div class="spacer battle-history"><br></div><h2 class="battle-history">Turn 10</h2><div class="spacer battle-history"><br></div><div class="battle-history">Tentacruel, come back!<br></div><div class="battle-history">Go! <strong>Claydol</strong>!<br></div><div class="spacer battle-history"><br></div><div class="battle-history">The opposing Electrode used <strong>Thunderbolt</strong>!<br></div><div class="battle-history"><small>It doesn't affect Claydol...</small><br></div><div class="spacer battle-history"><br></div><h2 class="battle-history">Turn 11</h2><div class="spacer battle-history"><br></div><div class="battle-history">The opposing Electrode used <strong>Foul Play</strong>!<br></div><div class="battle-history"><small>It's super effective!</small><br></div><div class="battle-history"><small>(Claydol lost <abbr title="−106/249">42.6%</abbr> of its health!)</small><br></div><div class="spacer battle-history"><br></div><div class="battle-history">Claydol used <strong>Earthquake</strong>!<br></div><div class="battle-history"><small>It's super effective!</small><br></div><div class="battle-history"><small>(The opposing Electrode lost 80% of its health!)</small><br></div><div class="spacer battle-history"><br></div><div class="battle-history"><small>The opposing Electrode restored a little HP using its Leftovers!</small><br></div><div class="battle-history"><small>Claydol restored a little HP using its Leftovers!</small><br></div><div class="spacer battle-history"><br></div><h2 class="battle-history">Turn 12</h2><div class="spacer battle-history"><br></div><div class="battle-history">andrebs withdrew Electrode!<br></div><div class="battle-history">andrebs sent out <strong>Rayquaza</strong>!<br></div><div class="battle-history"><small>[The opposing Rayquaza's Air Lock]</small><br><small>The effects of the weather disappeared.</small><br></div><div class="spacer battle-history"><br></div><div class="battle-history">Claydol used <strong>Earthquake</strong>!<br></div><div class="battle-history"><small>It doesn't affect the opposing Rayquaza...</small><br></div><div class="spacer battle-history"><br></div><div class="battle-history"><small>Claydol restored a little HP using its Leftovers!</small><br></div><div class="spacer battle-history"><br></div><h2 class="battle-history">Turn 13</h2><div class="spacer battle-history"><br></div><div class="battle-history">Claydol, come back!<br></div><div class="battle-history">Go! <strong>Jolteon</strong>!<br></div><div class="spacer battle-history"><br></div><div class="battle-history">The opposing Rayquaza used <strong>Outrage</strong>!<br></div><div class="battle-history"><small>(Jolteon lost <abbr title="−211/246">85.8%</abbr> of its health!)</small><br></div><div class="spacer battle-history"><br></div><h2 class="battle-history">Turn 14</h2><div class="spacer battle-history"><br></div><div class="battle-history">Jolteon used <strong>Thunderbolt</strong>!<br></div><div class="battle-history"><small>(The opposing Rayquaza lost 52% of its health!)</small><br></div><div class="spacer battle-history"><br></div><div class="battle-history">The opposing Rayquaza used <strong>Outrage</strong>!<br></div><div class="battle-history"><small>(Jolteon lost <abbr title="−35/246">14.2%</abbr> of its health!)</small><br></div><div class="spacer battle-history"><br></div><div class="battle-history">Jolteon fainted!<br></div><div class="spacer battle-history"><br></div><div class="battle-history">Go! <strong>Tentacruel</strong>!<br></div><div class="spacer battle-history"><br></div><h2 class="battle-history">Turn 15</h2><div class="spacer battle-history"><br></div><div class="battle-history">Tentacruel used <strong>Sludge Bomb</strong>!<br></div><div class="battle-history"><small>(The opposing Rayquaza lost 37% of its health!)</small><br></div><div class="battle-history"><small>Tentacruel lost some of its HP!</small><br></div><div class="spacer battle-history"><br></div><div class="battle-history">The opposing Rayquaza used <strong>Outrage</strong>!<br></div><div class="battle-history"><small>(Tentacruel lost <abbr title="−88/265">33.2%</abbr> of its health!)</small><br></div><div class="battle-history"><small>The opposing Rayquaza became confused due to fatigue!</small><br></div><div class="spacer battle-history"><br></div><div class="battle-history">Tentacruel fainted!<br></div><div class="spacer battle-history"><br></div><div class="battle-history">Go! <strong>Simisear</strong>!<br></div><div class="spacer battle-history"><br></div><h2 class="battle-history">Turn 16</h2><div class="spacer battle-history"><br></div><div class="battle-history"><small>The opposing Rayquaza is confused!</small><br></div><div class="battle-history">The opposing Rayquaza used <strong>Extreme Speed</strong>!<br></div><div class="battle-history"><small>(Simisear lost <abbr title="−82/278">29.5%</abbr> of its health!)</small><br></div><div class="spacer battle-history"><br></div><div class="battle-history">Simisear used <strong>Hidden Power</strong>!<br></div><div class="battle-history"><small>It's super effective!</small><br></div><div class="battle-history"><small>(The opposing Rayquaza lost 11% of its health!)</small><br></div><div class="battle-history"><small>Simisear lost some of its HP!</small><br></div><div class="spacer battle-history"><br></div><div class="battle-history">The opposing Rayquaza fainted!<br></div><div class="spacer battle-history"><br></div><div class="battle-history">andrebs sent out <strong>Pyroar</strong>!<br></div><div class="battle-history"><small>[The opposing Pyroar's Unnerve]</small><br><small>Your team is too nervous to eat Berries!</small><br></div><div class="spacer battle-history"><br></div><h2 class="battle-history">Turn 17</h2><div class="spacer battle-history"><br></div><div class="battle-history">The opposing Pyroar used <strong>Fire Blast</strong>!<br></div><div class="battle-history"><small>It's not very effective...</small><br></div><div class="battle-history"><small>(Simisear lost <abbr title="−113/278">40.6%</abbr> of its health!)</small><br></div><div class="battle-history"><small>The opposing Pyroar lost some of its HP!</small><br></div><div class="spacer battle-history"><br></div><div class="battle-history">Simisear used <strong>Hidden Power</strong>!<br></div><div class="battle-history"><small>It's super effective!</small><br></div><div class="battle-history"><small>(The opposing Pyroar lost 51% of its health!)</small><br></div><div class="battle-history"><small>Simisear lost some of its HP!</small><br></div><div class="spacer battle-history"><br></div><h2 class="battle-history">Turn 18</h2><div class="spacer battle-history"><br></div><div class="battle-history">The opposing Pyroar used <strong>Will-O-Wisp</strong>!<br></div><div class="battle-history"><small>Simisear avoided the attack!</small><br></div><div class="spacer battle-history"><br></div><div class="battle-history">Simisear used <strong>Hidden Power</strong>!<br></div><div class="battle-history"><small>It's super effective!</small><br></div><div class="battle-history"><small>(The opposing Pyroar lost 40% of its health!)</small><br></div><div class="battle-history"><small>Simisear lost some of its HP!</small><br></div><div class="spacer battle-history"><br></div><div class="battle-history">The opposing Pyroar fainted!<br></div><div class="spacer battle-history"><br></div><div class="battle-history">andrebs sent out <strong>Hippowdon</strong>!<br></div><div class="battle-history"><small>[The opposing Hippowdon's Sand Stream]</small><br><small>A sandstorm kicked up!</small><br></div><div class="spacer battle-history"><br></div><h2 class="battle-history">Turn 19</h2><div class="spacer battle-history"><br></div><div class="battle-history">Simisear used <strong>Focus Blast</strong>!<br></div><div class="battle-history"><small>(The opposing Hippowdon lost 37% of its health!)</small><br></div><div class="battle-history"><small>Simisear lost some of its HP!</small><br></div><div class="spacer battle-history"><br></div><div class="battle-history">The opposing Hippowdon fainted!<br></div><div class="battle-history">Simisear fainted!<br></div><div class="spacer battle-history"><br></div><div class="battle-history"><small>The sandstorm is raging.</small><br></div><div class="spacer battle-history"><br></div><div class="battle-history">Go! <strong>Claydol</strong>!<br></div><div class="spacer battle-history"><br></div><div class="battle-history">andrebs sent out <strong>Electrode</strong>!<br></div><div class="spacer battle-history"><br></div><h2 class="battle-history">Turn 20</h2><div class="spacer battle-history"><br></div><div class="battle-history">The opposing Electrode used <strong>Foul Play</strong>!<br></div><div class="battle-history"><small>It's super effective!</small><br></div><div class="battle-history"><small>(Claydol lost <abbr title="−102/249">41.0%</abbr> of its health!)</small><br></div><div class="spacer battle-history"><br></div><div class="battle-history">Claydol used <strong>Earthquake</strong>!<br></div><div class="battle-history"><small>It's super effective!</small><br></div><div class="battle-history"><small>(The opposing Electrode lost 25% of its health!)</small><br></div><div class="spacer battle-history"><br></div><div class="battle-history">The opposing Electrode fainted!<br></div><div class="spacer battle-history"><br></div><div class="battle-history"><strong>pedromchd</strong> won the battle!<br></div></div><div class="inner-preempt"></div></div></div>
</div>
<script>
let daily = Math.floor(Date.now()/1000/60/60/24);document.write('<script src="https://play.pokemonshowdown.com/js/replay-embed.js?version'+daily+'"></'+'script>');
</script>
